<?xml version="1.0" encoding="UTF-8"?><record xmlns="http://www.loc.gov/MARC21/slim" xmlns:cinclude="http://apache.org/cocoon/include/1.0" xmlns:zs="http://www.loc.gov/zing/srw/">
  <leader>00455cz  a2200145n  4500</leader>
  <controlfield tag="001">n  85207184 </controlfield>
  <controlfield tag="003">DLC</controlfield>
  <controlfield tag="005">20080709080441.0</controlfield>
  <controlfield tag="008">851120n| acannaabn          |n aaa      </controlfield>
  <datafield tag="010" ind1=" " ind2=" ">
    <subfield code="a">n  85207184 </subfield>
  </datafield>
  <datafield tag="035" ind1=" " ind2=" ">
    <subfield code="a">(OCoLC)oca01447602</subfield>
  </datafield>
  <datafield tag="040" ind1=" " ind2=" ">
    <subfield code="a">DLC</subfield>
    <subfield code="b">eng</subfield>
    <subfield code="c">DLC</subfield>
    <subfield code="d">DLC</subfield>
    <subfield code="d">OCoLC</subfield>
  </datafield>
  <datafield tag="100" ind1="1" ind2=" ">
    <subfield code="a">Parsenow, Günter</subfield>
  </datafield>
  <datafield tag="670" ind1=" " ind2=" ">
    <subfield code="a">His Fachwörterbuch für Recht und Wirtschaft, c1985:</subfield>
    <subfield code="b">t.p. (Günter Parsenow)</subfield>
  </datafield>
  <datafield tag="670" ind1=" " ind2=" ">
    <subfield code="a">LC data base, 11-18-85</subfield>
    <subfield code="b">(hdg.: Parsenow, Günter)</subfield>
  </datafield>
</record>